%YAML 1.1
%TAG !u! tag:unity3d.com,2011:
--- !u!1 &1438014504579394967
GameObject:
  m_ObjectHideFlags: 0
  m_CorrespondingSourceObject: {fileID: 0}
  m_PrefabInstance: {fileID: 0}
  m_PrefabAsset: {fileID: 0}
  serializedVersion: 6
  m_Component:
  - component: {fileID: 1438014504579394964}
  - component: {fileID: 1438014504579394965}
  m_Layer: 5
  m_Name: Space (1)
  m_TagString: Untagged
  m_Icon: {fileID: 0}
  m_NavMeshLayer: 0
  m_StaticEditorFlags: 0
  m_IsActive: 1
--- !u!224 &1438014504579394964
RectTransform:
  m_ObjectHideFlags: 0
  m_CorrespondingSourceObject: {fileID: 0}
  m_PrefabInstance: {fileID: 0}
  m_PrefabAsset: {fileID: 0}
  m_GameObject: {fileID: 1438014504579394967}
  m_LocalRotation: {x: 0, y: 0, z: 0, w: 1}
  m_LocalPosition: {x: 0, y: 0, z: 0}
  m_LocalScale: {x: 1, y: 1, z: 1}
  m_Children: []
  m_Father: {fileID: 1438014505659527718}
  m_RootOrder: 3
  m_LocalEulerAnglesHint: {x: 0, y: 0, z: 0}
  m_AnchorMin: {x: 0, y: 0}
  m_AnchorMax: {x: 0, y: 0}
  m_AnchoredPosition: {x: 0, y: 0}
  m_SizeDelta: {x: 400, y: 25}
  m_Pivot: {x: 0.5, y: 0.5}
--- !u!222 &1438014504579394965
CanvasRenderer:
  m_ObjectHideFlags: 0
  m_CorrespondingSourceObject: {fileID: 0}
  m_PrefabInstance: {fileID: 0}
  m_PrefabAsset: {fileID: 0}
  m_GameObject: {fileID: 1438014504579394967}
  m_CullTransparentMesh: 1
--- !u!1 &1438014505252715758
GameObject:
  m_ObjectHideFlags: 0
  m_CorrespondingSourceObject: {fileID: 0}
  m_PrefabInstance: {fileID: 0}
  m_PrefabAsset: {fileID: 0}
  serializedVersion: 6
  m_Component:
  - component: {fileID: 1438014505252715759}
  - component: {fileID: 1438014505252715756}
  m_Layer: 5
  m_Name: OptionsView
  m_TagString: Untagged
  m_Icon: {fileID: 0}
  m_NavMeshLayer: 0
  m_StaticEditorFlags: 0
  m_IsActive: 1
--- !u!224 &1438014505252715759
RectTransform:
  m_ObjectHideFlags: 0
  m_CorrespondingSourceObject: {fileID: 0}
  m_PrefabInstance: {fileID: 0}
  m_PrefabAsset: {fileID: 0}
  m_GameObject: {fileID: 1438014505252715758}
  m_LocalRotation: {x: -0, y: -0, z: -0, w: 1}
  m_LocalPosition: {x: 0, y: 0, z: 0}
  m_LocalScale: {x: 1, y: 1, z: 1}
  m_Children:
  - {fileID: 1438014505505515432}
  - {fileID: 1438014505659527718}
  m_Father: {fileID: 0}
  m_RootOrder: 0
  m_LocalEulerAnglesHint: {x: 0, y: 0, z: 0}
  m_AnchorMin: {x: 0, y: 0}
  m_AnchorMax: {x: 1, y: 1}
  m_AnchoredPosition: {x: 0, y: 0}
  m_SizeDelta: {x: 0, y: 0}
  m_Pivot: {x: 0.5, y: 0.5}
--- !u!114 &1438014505252715756
MonoBehaviour:
  m_ObjectHideFlags: 0
  m_CorrespondingSourceObject: {fileID: 0}
  m_PrefabInstance: {fileID: 0}
  m_PrefabAsset: {fileID: 0}
  m_GameObject: {fileID: 1438014505252715758}
  m_Enabled: 1
  m_EditorHideFlags: 0
  m_Script: {fileID: 11500000, guid: 070d2331c0bf4099a9ab7c6a19b676f8, type: 3}
  m_Name: 
  m_EditorClassIdentifier: 
  resumeButton: {fileID: 1438014505770264122}
  settingsButton: {fileID: 663173687764085551}
  keybindsButton: {fileID: 663173688833204271}
  mainMenuButton: {fileID: 663173687663716496}
  exitButton: {fileID: 663173689544763352}
--- !u!1 &1438014505505515435
GameObject:
  m_ObjectHideFlags: 0
  m_CorrespondingSourceObject: {fileID: 0}
  m_PrefabInstance: {fileID: 0}
  m_PrefabAsset: {fileID: 0}
  serializedVersion: 6
  m_Component:
  - component: {fileID: 1438014505505515432}
  - component: {fileID: 1438014505505515438}
  - component: {fileID: 1438014505505515433}
  m_Layer: 5
  m_Name: Background
  m_TagString: Untagged
  m_Icon: {fileID: 0}
  m_NavMeshLayer: 0
  m_StaticEditorFlags: 0
  m_IsActive: 1
--- !u!224 &1438014505505515432
RectTransform:
  m_ObjectHideFlags: 0
  m_CorrespondingSourceObject: {fileID: 0}
  m_PrefabInstance: {fileID: 0}
  m_PrefabAsset: {fileID: 0}
  m_GameObject: {fileID: 1438014505505515435}
  m_LocalRotation: {x: 0, y: 0, z: 0, w: 1}
  m_LocalPosition: {x: 0, y: 0, z: 0}
  m_LocalScale: {x: 1, y: 1, z: 1}
  m_Children: []
  m_Father: {fileID: 1438014505252715759}
  m_RootOrder: 0
  m_LocalEulerAnglesHint: {x: 0, y: 0, z: 0}
  m_AnchorMin: {x: 0, y: 0}
  m_AnchorMax: {x: 1, y: 1}
  m_AnchoredPosition: {x: 0, y: 0}
  m_SizeDelta: {x: 0, y: 0}
  m_Pivot: {x: 0.5, y: 0.5}
--- !u!222 &1438014505505515438
CanvasRenderer:
  m_ObjectHideFlags: 0
  m_CorrespondingSourceObject: {fileID: 0}
  m_PrefabInstance: {fileID: 0}
  m_PrefabAsset: {fileID: 0}
  m_GameObject: {fileID: 1438014505505515435}
  m_CullTransparentMesh: 1
--- !u!114 &1438014505505515433
MonoBehaviour:
  m_ObjectHideFlags: 0
  m_CorrespondingSourceObject: {fileID: 0}
  m_PrefabInstance: {fileID: 0}
  m_PrefabAsset: {fileID: 0}
  m_GameObject: {fileID: 1438014505505515435}
  m_Enabled: 1
  m_EditorHideFlags: 0
  m_Script: {fileID: 11500000, guid: fe87c0e1cc204ed48ad3b37840f39efc, type: 3}
  m_Name: 
  m_EditorClassIdentifier: 
  m_Material: {fileID: 0}
  m_Color: {r: 0, g: 0, b: 0, a: 0.78431374}
  m_RaycastTarget: 1
  m_RaycastPadding: {x: 0, y: 0, z: 0, w: 0}
  m_Maskable: 1
  m_OnCullStateChanged:
    m_PersistentCalls:
      m_Calls: []
  m_Sprite: {fileID: 21300000, guid: e0f966acfc9854a419e4a88a970b3d74, type: 3}
  m_Type: 0
  m_PreserveAspect: 0
  m_FillCenter: 1
  m_FillMethod: 4
  m_FillAmount: 1
  m_FillClockwise: 1
  m_FillOrigin: 0
  m_UseSpriteMesh: 0
  m_PixelsPerUnitMultiplier: 1
--- !u!1 &1438014505659527713
GameObject:
  m_ObjectHideFlags: 0
  m_CorrespondingSourceObject: {fileID: 0}
  m_PrefabInstance: {fileID: 0}
  m_PrefabAsset: {fileID: 0}
  serializedVersion: 6
  m_Component:
  - component: {fileID: 1438014505659527718}
  - component: {fileID: 1438014505659527716}
  - component: {fileID: 1438014505659527719}
  m_Layer: 5
  m_Name: Container
  m_TagString: Untagged
  m_Icon: {fileID: 0}
  m_NavMeshLayer: 0
  m_StaticEditorFlags: 0
  m_IsActive: 1
--- !u!224 &1438014505659527718
RectTransform:
  m_ObjectHideFlags: 0
  m_CorrespondingSourceObject: {fileID: 0}
  m_PrefabInstance: {fileID: 0}
  m_PrefabAsset: {fileID: 0}
  m_GameObject: {fileID: 1438014505659527713}
  m_LocalRotation: {x: 0, y: 0, z: 0, w: 1}
  m_LocalPosition: {x: 0, y: 0, z: 0}
  m_LocalScale: {x: 1, y: 1, z: 1}
  m_Children:
  - {fileID: 1438014505770264101}
  - {fileID: 663173687764085552}
  - {fileID: 663173688833204272}
  - {fileID: 1438014504579394964}
  - {fileID: 663173687663716495}
  - {fileID: 663173689544763335}
  m_Father: {fileID: 1438014505252715759}
  m_RootOrder: 1
  m_LocalEulerAnglesHint: {x: 0, y: 0, z: 0}
  m_AnchorMin: {x: 0.5, y: 0.5}
  m_AnchorMax: {x: 0.5, y: 0.5}
  m_AnchoredPosition: {x: 0, y: 0}
  m_SizeDelta: {x: 800, y: 0}
  m_Pivot: {x: 0.5, y: 0.5}
--- !u!114 &1438014505659527716
MonoBehaviour:
  m_ObjectHideFlags: 0
  m_CorrespondingSourceObject: {fileID: 0}
  m_PrefabInstance: {fileID: 0}
  m_PrefabAsset: {fileID: 0}
  m_GameObject: {fileID: 1438014505659527713}
  m_Enabled: 1
  m_EditorHideFlags: 0
  m_Script: {fileID: 11500000, guid: 59f8146938fff824cb5fd77236b75775, type: 3}
  m_Name: 
  m_EditorClassIdentifier: 
  m_Padding:
    m_Left: 0
    m_Right: 0
    m_Top: 0
    m_Bottom: 0
  m_ChildAlignment: 4
  m_Spacing: 0
  m_ChildForceExpandWidth: 1
  m_ChildForceExpandHeight: 1
  m_ChildControlWidth: 0
  m_ChildControlHeight: 0
  m_ChildScaleWidth: 0
  m_ChildScaleHeight: 0
  m_ReverseArrangement: 0
--- !u!114 &1438014505659527719
MonoBehaviour:
  m_ObjectHideFlags: 0
  m_CorrespondingSourceObject: {fileID: 0}
  m_PrefabInstance: {fileID: 0}
  m_PrefabAsset: {fileID: 0}
  m_GameObject: {fileID: 1438014505659527713}
  m_Enabled: 1
  m_EditorHideFlags: 0
  m_Script: {fileID: 11500000, guid: 3245ec927659c4140ac4f8d17403cc18, type: 3}
  m_Name: 
  m_EditorClassIdentifier: 
  m_HorizontalFit: 0
  m_VerticalFit: 2
--- !u!1001 &663173689072906216
PrefabInstance:
  m_ObjectHideFlags: 0
  serializedVersion: 2
  m_Modification:
    m_TransformParent: {fileID: 1438014505659527718}
    m_Modifications:
    - target: {fileID: 1927763180350130636, guid: dd8661121fc51d44093800d691558d2e, type: 3}
      propertyPath: m_Name
      value: Resume
      objectReference: {fileID: 0}
    - target: {fileID: 1927763180350130637, guid: dd8661121fc51d44093800d691558d2e, type: 3}
      propertyPath: m_Pivot.x
      value: 0.5
      objectReference: {fileID: 0}
    - target: {fileID: 1927763180350130637, guid: dd8661121fc51d44093800d691558d2e, type: 3}
      propertyPath: m_Pivot.y
      value: 0.5
      objectReference: {fileID: 0}
    - target: {fileID: 1927763180350130637, guid: dd8661121fc51d44093800d691558d2e, type: 3}
      propertyPath: m_RootOrder
      value: 0
      objectReference: {fileID: 0}
    - target: {fileID: 1927763180350130637, guid: dd8661121fc51d44093800d691558d2e, type: 3}
      propertyPath: m_AnchorMax.x
      value: 0
      objectReference: {fileID: 0}
    - target: {fileID: 1927763180350130637, guid: dd8661121fc51d44093800d691558d2e, type: 3}
      propertyPath: m_AnchorMax.y
      value: 0
      objectReference: {fileID: 0}
    - target: {fileID: 1927763180350130637, guid: dd8661121fc51d44093800d691558d2e, type: 3}
      propertyPath: m_AnchorMin.x
      value: 0
      objectReference: {fileID: 0}
    - target: {fileID: 1927763180350130637, guid: dd8661121fc51d44093800d691558d2e, type: 3}
      propertyPath: m_AnchorMin.y
      value: 0
      objectReference: {fileID: 0}
    - target: {fileID: 1927763180350130637, guid: dd8661121fc51d44093800d691558d2e, type: 3}
      propertyPath: m_SizeDelta.x
      value: 300
      objectReference: {fileID: 0}
    - target: {fileID: 1927763180350130637, guid: dd8661121fc51d44093800d691558d2e, type: 3}
      propertyPath: m_SizeDelta.y
      value: 60
      objectReference: {fileID: 0}
    - target: {fileID: 1927763180350130637, guid: dd8661121fc51d44093800d691558d2e, type: 3}
      propertyPath: m_LocalPosition.x
      value: 0
      objectReference: {fileID: 0}
    - target: {fileID: 1927763180350130637, guid: dd8661121fc51d44093800d691558d2e, type: 3}
      propertyPath: m_LocalPosition.y
      value: 0
      objectReference: {fileID: 0}
    - target: {fileID: 1927763180350130637, guid: dd8661121fc51d44093800d691558d2e, type: 3}
      propertyPath: m_LocalPosition.z
      value: 0
      objectReference: {fileID: 0}
    - target: {fileID: 1927763180350130637, guid: dd8661121fc51d44093800d691558d2e, type: 3}
      propertyPath: m_LocalRotation.w
      value: 1
      objectReference: {fileID: 0}
    - target: {fileID: 1927763180350130637, guid: dd8661121fc51d44093800d691558d2e, type: 3}
      propertyPath: m_LocalRotation.x
      value: 0
      objectReference: {fileID: 0}
    - target: {fileID: 1927763180350130637, guid: dd8661121fc51d44093800d691558d2e, type: 3}
      propertyPath: m_LocalRotation.y
      value: 0
      objectReference: {fileID: 0}
    - target: {fileID: 1927763180350130637, guid: dd8661121fc51d44093800d691558d2e, type: 3}
      propertyPath: m_LocalRotation.z
      value: 0
      objectReference: {fileID: 0}
    - target: {fileID: 1927763180350130637, guid: dd8661121fc51d44093800d691558d2e, type: 3}
      propertyPath: m_AnchoredPosition.x
      value: 0
      objectReference: {fileID: 0}
    - target: {fileID: 1927763180350130637, guid: dd8661121fc51d44093800d691558d2e, type: 3}
      propertyPath: m_AnchoredPosition.y
      value: 0
      objectReference: {fileID: 0}
    - target: {fileID: 1927763180350130637, guid: dd8661121fc51d44093800d691558d2e, type: 3}
      propertyPath: m_LocalEulerAnglesHint.x
      value: 0
      objectReference: {fileID: 0}
    - target: {fileID: 1927763180350130637, guid: dd8661121fc51d44093800d691558d2e, type: 3}
      propertyPath: m_LocalEulerAnglesHint.y
      value: 0
      objectReference: {fileID: 0}
    - target: {fileID: 1927763180350130637, guid: dd8661121fc51d44093800d691558d2e, type: 3}
      propertyPath: m_LocalEulerAnglesHint.z
      value: 0
      objectReference: {fileID: 0}
    m_RemovedComponents: []
  m_SourcePrefab: {fileID: 100100000, guid: dd8661121fc51d44093800d691558d2e, type: 3}
--- !u!224 &1438014505770264101 stripped
RectTransform:
  m_CorrespondingSourceObject: {fileID: 1927763180350130637, guid: dd8661121fc51d44093800d691558d2e, type: 3}
  m_PrefabInstance: {fileID: 663173689072906216}
  m_PrefabAsset: {fileID: 0}
--- !u!114 &1438014505770264122 stripped
MonoBehaviour:
  m_CorrespondingSourceObject: {fileID: 1927763180350130642, guid: dd8661121fc51d44093800d691558d2e, type: 3}
  m_PrefabInstance: {fileID: 663173689072906216}
  m_PrefabAsset: {fileID: 0}
  m_GameObject: {fileID: 0}
  m_Enabled: 1
  m_EditorHideFlags: 0
  m_Script: {fileID: 11500000, guid: 4e29b1a8efbd4b44bb3f3716e73f07ff, type: 3}
  m_Name: 
  m_EditorClassIdentifier: 
--- !u!1001 &1438014503857464061
PrefabInstance:
  m_ObjectHideFlags: 0
  serializedVersion: 2
  m_Modification:
    m_TransformParent: {fileID: 1438014505659527718}
    m_Modifications:
    - target: {fileID: 1927763180350130636, guid: dd8661121fc51d44093800d691558d2e, type: 3}
      propertyPath: m_Name
      value: Settings
      objectReference: {fileID: 0}
    - target: {fileID: 1927763180350130637, guid: dd8661121fc51d44093800d691558d2e, type: 3}
      propertyPath: m_Pivot.x
      value: 0.5
      objectReference: {fileID: 0}
    - target: {fileID: 1927763180350130637, guid: dd8661121fc51d44093800d691558d2e, type: 3}
      propertyPath: m_Pivot.y
      value: 0.5
      objectReference: {fileID: 0}
    - target: {fileID: 1927763180350130637, guid: dd8661121fc51d44093800d691558d2e, type: 3}
      propertyPath: m_RootOrder
      value: 1
      objectReference: {fileID: 0}
    - target: {fileID: 1927763180350130637, guid: dd8661121fc51d44093800d691558d2e, type: 3}
      propertyPath: m_AnchorMax.x
      value: 0
      objectReference: {fileID: 0}
    - target: {fileID: 1927763180350130637, guid: dd8661121fc51d44093800d691558d2e, type: 3}
      propertyPath: m_AnchorMax.y
      value: 0
      objectReference: {fileID: 0}
    - target: {fileID: 1927763180350130637, guid: dd8661121fc51d44093800d691558d2e, type: 3}
      propertyPath: m_AnchorMin.x
      value: 0
      objectReference: {fileID: 0}
    - target: {fileID: 1927763180350130637, guid: dd8661121fc51d44093800d691558d2e, type: 3}
      propertyPath: m_AnchorMin.y
      value: 0
      objectReference: {fileID: 0}
    - target: {fileID: 1927763180350130637, guid: dd8661121fc51d44093800d691558d2e, type: 3}
      propertyPath: m_SizeDelta.x
      value: 300
      objectReference: {fileID: 0}
    - target: {fileID: 1927763180350130637, guid: dd8661121fc51d44093800d691558d2e, type: 3}
      propertyPath: m_SizeDelta.y
      value: 60
      objectReference: {fileID: 0}
    - target: {fileID: 1927763180350130637, guid: dd8661121fc51d44093800d691558d2e, type: 3}
      propertyPath: m_LocalPosition.x
      value: 0
      objectReference: {fileID: 0}
    - target: {fileID: 1927763180350130637, guid: dd8661121fc51d44093800d691558d2e, type: 3}
      propertyPath: m_LocalPosition.y
      value: 0
      objectReference: {fileID: 0}
    - target: {fileID: 1927763180350130637, guid: dd8661121fc51d44093800d691558d2e, type: 3}
      propertyPath: m_LocalPosition.z
      value: 0
      objectReference: {fileID: 0}
    - target: {fileID: 1927763180350130637, guid: dd8661121fc51d44093800d691558d2e, type: 3}
      propertyPath: m_LocalRotation.w
      value: 1
      objectReference: {fileID: 0}
    - target: {fileID: 1927763180350130637, guid: dd8661121fc51d44093800d691558d2e, type: 3}
      propertyPath: m_LocalRotation.x
      value: 0
      objectReference: {fileID: 0}
    - target: {fileID: 1927763180350130637, guid: dd8661121fc51d44093800d691558d2e, type: 3}
      propertyPath: m_LocalRotation.y
      value: 0
      objectReference: {fileID: 0}
    - target: {fileID: 1927763180350130637, guid: dd8661121fc51d44093800d691558d2e, type: 3}
      propertyPath: m_LocalRotation.z
      value: 0
      objectReference: {fileID: 0}
    - target: {fileID: 1927763180350130637, guid: dd8661121fc51d44093800d691558d2e, type: 3}
      propertyPath: m_AnchoredPosition.x
      value: 0
      objectReference: {fileID: 0}
    - target: {fileID: 1927763180350130637, guid: dd8661121fc51d44093800d691558d2e, type: 3}
      propertyPath: m_AnchoredPosition.y
      value: 0
      objectReference: {fileID: 0}
    - target: {fileID: 1927763180350130637, guid: dd8661121fc51d44093800d691558d2e, type: 3}
      propertyPath: m_LocalEulerAnglesHint.x
      value: 0
      objectReference: {fileID: 0}
    - target: {fileID: 1927763180350130637, guid: dd8661121fc51d44093800d691558d2e, type: 3}
      propertyPath: m_LocalEulerAnglesHint.y
      value: 0
      objectReference: {fileID: 0}
    - target: {fileID: 1927763180350130637, guid: dd8661121fc51d44093800d691558d2e, type: 3}
      propertyPath: m_LocalEulerAnglesHint.z
      value: 0
      objectReference: {fileID: 0}
    - target: {fileID: 1927763182041302500, guid: dd8661121fc51d44093800d691558d2e, type: 3}
      propertyPath: m_text
      value: Settings
      objectReference: {fileID: 0}
    m_RemovedComponents: []
  m_SourcePrefab: {fileID: 100100000, guid: dd8661121fc51d44093800d691558d2e, type: 3}
--- !u!224 &663173687764085552 stripped
RectTransform:
  m_CorrespondingSourceObject: {fileID: 1927763180350130637, guid: dd8661121fc51d44093800d691558d2e, type: 3}
  m_PrefabInstance: {fileID: 1438014503857464061}
  m_PrefabAsset: {fileID: 0}
--- !u!114 &663173687764085551 stripped
MonoBehaviour:
  m_CorrespondingSourceObject: {fileID: 1927763180350130642, guid: dd8661121fc51d44093800d691558d2e, type: 3}
  m_PrefabInstance: {fileID: 1438014503857464061}
  m_PrefabAsset: {fileID: 0}
  m_GameObject: {fileID: 0}
  m_Enabled: 1
  m_EditorHideFlags: 0
  m_Script: {fileID: 11500000, guid: 4e29b1a8efbd4b44bb3f3716e73f07ff, type: 3}
  m_Name: 
  m_EditorClassIdentifier: 
--- !u!1001 &1438014504226791746
PrefabInstance:
  m_ObjectHideFlags: 0
  serializedVersion: 2
  m_Modification:
    m_TransformParent: {fileID: 1438014505659527718}
    m_Modifications:
    - target: {fileID: 1927763180350130636, guid: dd8661121fc51d44093800d691558d2e, type: 3}
      propertyPath: m_Name
      value: MainMenu
      objectReference: {fileID: 0}
    - target: {fileID: 1927763180350130637, guid: dd8661121fc51d44093800d691558d2e, type: 3}
      propertyPath: m_Pivot.x
      value: 0.5
      objectReference: {fileID: 0}
    - target: {fileID: 1927763180350130637, guid: dd8661121fc51d44093800d691558d2e, type: 3}
      propertyPath: m_Pivot.y
      value: 0.5
      objectReference: {fileID: 0}
    - target: {fileID: 1927763180350130637, guid: dd8661121fc51d44093800d691558d2e, type: 3}
      propertyPath: m_RootOrder
      value: 4
      objectReference: {fileID: 0}
    - target: {fileID: 1927763180350130637, guid: dd8661121fc51d44093800d691558d2e, type: 3}
      propertyPath: m_AnchorMax.x
      value: 0
      objectReference: {fileID: 0}
    - target: {fileID: 1927763180350130637, guid: dd8661121fc51d44093800d691558d2e, type: 3}
      propertyPath: m_AnchorMax.y
      value: 0
      objectReference: {fileID: 0}
    - target: {fileID: 1927763180350130637, guid: dd8661121fc51d44093800d691558d2e, type: 3}
      propertyPath: m_AnchorMin.x
      value: 0
      objectReference: {fileID: 0}
    - target: {fileID: 1927763180350130637, guid: dd8661121fc51d44093800d691558d2e, type: 3}
      propertyPath: m_AnchorMin.y
      value: 0
      objectReference: {fileID: 0}
    - target: {fileID: 1927763180350130637, guid: dd8661121fc51d44093800d691558d2e, type: 3}
      propertyPath: m_SizeDelta.x
      value: 300
      objectReference: {fileID: 0}
    - target: {fileID: 1927763180350130637, guid: dd8661121fc51d44093800d691558d2e, type: 3}
      propertyPath: m_SizeDelta.y
      value: 60
      objectReference: {fileID: 0}
    - target: {fileID: 1927763180350130637, guid: dd8661121fc51d44093800d691558d2e, type: 3}
      propertyPath: m_LocalPosition.x
      value: 0
      objectReference: {fileID: 0}
    - target: {fileID: 1927763180350130637, guid: dd8661121fc51d44093800d691558d2e, type: 3}
      propertyPath: m_LocalPosition.y
      value: 0
      objectReference: {fileID: 0}
    - target: {fileID: 1927763180350130637, guid: dd8661121fc51d44093800d691558d2e, type: 3}
      propertyPath: m_LocalPosition.z
      value: 0
      objectReference: {fileID: 0}
    - target: {fileID: 1927763180350130637, guid: dd8661121fc51d44093800d691558d2e, type: 3}
      propertyPath: m_LocalRotation.w
      value: 1
      objectReference: {fileID: 0}
    - target: {fileID: 1927763180350130637, guid: dd8661121fc51d44093800d691558d2e, type: 3}
      propertyPath: m_LocalRotation.x
      value: 0
      objectReference: {fileID: 0}
    - target: {fileID: 1927763180350130637, guid: dd8661121fc51d44093800d691558d2e, type: 3}
      propertyPath: m_LocalRotation.y
      value: 0
      objectReference: {fileID: 0}
    - target: {fileID: 1927763180350130637, guid: dd8661121fc51d44093800d691558d2e, type: 3}
      propertyPath: m_LocalRotation.z
      value: 0
      objectReference: {fileID: 0}
    - target: {fileID: 1927763180350130637, guid: dd8661121fc51d44093800d691558d2e, type: 3}
      propertyPath: m_AnchoredPosition.x
      value: 0
      objectReference: {fileID: 0}
    - target: {fileID: 1927763180350130637, guid: dd8661121fc51d44093800d691558d2e, type: 3}
      propertyPath: m_AnchoredPosition.y
      value: 0
      objectReference: {fileID: 0}
    - target: {fileID: 1927763180350130637, guid: dd8661121fc51d44093800d691558d2e, type: 3}
      propertyPath: m_LocalEulerAnglesHint.x
      value: 0
      objectReference: {fileID: 0}
    - target: {fileID: 1927763180350130637, guid: dd8661121fc51d44093800d691558d2e, type: 3}
      propertyPath: m_LocalEulerAnglesHint.y
      value: 0
      objectReference: {fileID: 0}
    - target: {fileID: 1927763180350130637, guid: dd8661121fc51d44093800d691558d2e, type: 3}
      propertyPath: m_LocalEulerAnglesHint.z
      value: 0
      objectReference: {fileID: 0}
    - target: {fileID: 1927763182041302500, guid: dd8661121fc51d44093800d691558d2e, type: 3}
      propertyPath: m_text
      value: Main Menu
      objectReference: {fileID: 0}
    m_RemovedComponents: []
  m_SourcePrefab: {fileID: 100100000, guid: dd8661121fc51d44093800d691558d2e, type: 3}
--- !u!224 &663173687663716495 stripped
RectTransform:
  m_CorrespondingSourceObject: {fileID: 1927763180350130637, guid: dd8661121fc51d44093800d691558d2e, type: 3}
  m_PrefabInstance: {fileID: 1438014504226791746}
  m_PrefabAsset: {fileID: 0}
--- !u!114 &663173687663716496 stripped
MonoBehaviour:
  m_CorrespondingSourceObject: {fileID: 1927763180350130642, guid: dd8661121fc51d44093800d691558d2e, type: 3}
  m_PrefabInstance: {fileID: 1438014504226791746}
  m_PrefabAsset: {fileID: 0}
  m_GameObject: {fileID: 0}
  m_Enabled: 1
  m_EditorHideFlags: 0
  m_Script: {fileID: 11500000, guid: 4e29b1a8efbd4b44bb3f3716e73f07ff, type: 3}
  m_Name: 
  m_EditorClassIdentifier: 
--- !u!1001 &1438014504935959037
PrefabInstance:
  m_ObjectHideFlags: 0
  serializedVersion: 2
  m_Modification:
    m_TransformParent: {fileID: 1438014505659527718}
    m_Modifications:
    - target: {fileID: 1927763180350130636, guid: dd8661121fc51d44093800d691558d2e, type: 3}
      propertyPath: m_Name
      value: Keybinds
      objectReference: {fileID: 0}
    - target: {fileID: 1927763180350130637, guid: dd8661121fc51d44093800d691558d2e, type: 3}
      propertyPath: m_Pivot.x
      value: 0.5
      objectReference: {fileID: 0}
    - target: {fileID: 1927763180350130637, guid: dd8661121fc51d44093800d691558d2e, type: 3}
      propertyPath: m_Pivot.y
      value: 0.5
      objectReference: {fileID: 0}
    - target: {fileID: 1927763180350130637, guid: dd8661121fc51d44093800d691558d2e, type: 3}
      propertyPath: m_RootOrder
      value: 2
      objectReference: {fileID: 0}
    - target: {fileID: 1927763180350130637, guid: dd8661121fc51d44093800d691558d2e, type: 3}
      propertyPath: m_AnchorMax.x
      value: 0
      objectReference: {fileID: 0}
    - target: {fileID: 1927763180350130637, guid: dd8661121fc51d44093800d691558d2e, type: 3}
      propertyPath: m_AnchorMax.y
      value: 0
      objectReference: {fileID: 0}
    - target: {fileID: 1927763180350130637, guid: dd8661121fc51d44093800d691558d2e, type: 3}
      propertyPath: m_AnchorMin.x
      value: 0
      objectReference: {fileID: 0}
    - target: {fileID: 1927763180350130637, guid: dd8661121fc51d44093800d691558d2e, type: 3}
      propertyPath: m_AnchorMin.y
      value: 0
      objectReference: {fileID: 0}
    - target: {fileID: 1927763180350130637, guid: dd8661121fc51d44093800d691558d2e, type: 3}
      propertyPath: m_SizeDelta.x
      value: 300
      objectReference: {fileID: 0}
    - target: {fileID: 1927763180350130637, guid: dd8661121fc51d44093800d691558d2e, type: 3}
      propertyPath: m_SizeDelta.y
      value: 60
      objectReference: {fileID: 0}
    - target: {fileID: 1927763180350130637, guid: dd8661121fc51d44093800d691558d2e, type: 3}
      propertyPath: m_LocalPosition.x
      value: 0
      objectReference: {fileID: 0}
    - target: {fileID: 1927763180350130637, guid: dd8661121fc51d44093800d691558d2e, type: 3}
      propertyPath: m_LocalPosition.y
      value: 0
      objectReference: {fileID: 0}
    - target: {fileID: 1927763180350130637, guid: dd8661121fc51d44093800d691558d2e, type: 3}
      propertyPath: m_LocalPosition.z
      value: 0
      objectReference: {fileID: 0}
    - target: {fileID: 1927763180350130637, guid: dd8661121fc51d44093800d691558d2e, type: 3}
      propertyPath: m_LocalRotation.w
      value: 1
      objectReference: {fileID: 0}
    - target: {fileID: 1927763180350130637, guid: dd8661121fc51d44093800d691558d2e, type: 3}
      propertyPath: m_LocalRotation.x
      value: 0
      objectReference: {fileID: 0}
    - target: {fileID: 1927763180350130637, guid: dd8661121fc51d44093800d691558d2e, type: 3}
      propertyPath: m_LocalRotation.y
      value: 0
      objectReference: {fileID: 0}
    - target: {fileID: 1927763180350130637, guid: dd8661121fc51d44093800d691558d2e, type: 3}
      propertyPath: m_LocalRotation.z
      value: 0
      objectReference: {fileID: 0}
    - target: {fileID: 1927763180350130637, guid: dd8661121fc51d44093800d691558d2e, type: 3}
      propertyPath: m_AnchoredPosition.x
      value: 0
      objectReference: {fileID: 0}
    - target: {fileID: 1927763180350130637, guid: dd8661121fc51d44093800d691558d2e, type: 3}
      propertyPath: m_AnchoredPosition.y
      value: 0
      objectReference: {fileID: 0}
    - target: {fileID: 1927763180350130637, guid: dd8661121fc51d44093800d691558d2e, type: 3}
      propertyPath: m_LocalEulerAnglesHint.x
      value: 0
      objectReference: {fileID: 0}
    - target: {fileID: 1927763180350130637, guid: dd8661121fc51d44093800d691558d2e, type: 3}
      propertyPath: m_LocalEulerAnglesHint.y
      value: 0
      objectReference: {fileID: 0}
    - target: {fileID: 1927763180350130637, guid: dd8661121fc51d44093800d691558d2e, type: 3}
      propertyPath: m_LocalEulerAnglesHint.z
      value: 0
      objectReference: {fileID: 0}
    - target: {fileID: 1927763182041302500, guid: dd8661121fc51d44093800d691558d2e, type: 3}
      propertyPath: m_text
      value: Keybinds
      objectReference: {fileID: 0}
    m_RemovedComponents: []
  m_SourcePrefab: {fileID: 100100000, guid: dd8661121fc51d44093800d691558d2e, type: 3}
--- !u!224 &663173688833204272 stripped
RectTransform:
  m_CorrespondingSourceObject: {fileID: 1927763180350130637, guid: dd8661121fc51d44093800d691558d2e, type: 3}
  m_PrefabInstance: {fileID: 1438014504935959037}
  m_PrefabAsset: {fileID: 0}
--- !u!114 &663173688833204271 stripped
MonoBehaviour:
  m_CorrespondingSourceObject: {fileID: 1927763180350130642, guid: dd8661121fc51d44093800d691558d2e, type: 3}
  m_PrefabInstance: {fileID: 1438014504935959037}
  m_PrefabAsset: {fileID: 0}
  m_GameObject: {fileID: 0}
  m_Enabled: 1
  m_EditorHideFlags: 0
  m_Script: {fileID: 11500000, guid: 4e29b1a8efbd4b44bb3f3716e73f07ff, type: 3}
  m_Name: 
  m_EditorClassIdentifier: 
--- !u!1001 &1438014505571036682
PrefabInstance:
  m_ObjectHideFlags: 0
  serializedVersion: 2
  m_Modification:
    m_TransformParent: {fileID: 1438014505659527718}
    m_Modifications:
    - target: {fileID: 1927763180350130636, guid: dd8661121fc51d44093800d691558d2e, type: 3}
      propertyPath: m_Name
      value: Exit
      objectReference: {fileID: 0}
    - target: {fileID: 1927763180350130637, guid: dd8661121fc51d44093800d691558d2e, type: 3}
      propertyPath: m_Pivot.x
      value: 0.5
      objectReference: {fileID: 0}
    - target: {fileID: 1927763180350130637, guid: dd8661121fc51d44093800d691558d2e, type: 3}
      propertyPath: m_Pivot.y
      value: 0.5
      objectReference: {fileID: 0}
    - target: {fileID: 1927763180350130637, guid: dd8661121fc51d44093800d691558d2e, type: 3}
      propertyPath: m_RootOrder
      value: 5
      objectReference: {fileID: 0}
    - target: {fileID: 1927763180350130637, guid: dd8661121fc51d44093800d691558d2e, type: 3}
      propertyPath: m_AnchorMax.x
      value: 0
      objectReference: {fileID: 0}
    - target: {fileID: 1927763180350130637, guid: dd8661121fc51d44093800d691558d2e, type: 3}
      propertyPath: m_AnchorMax.y
      value: 0
      objectReference: {fileID: 0}
    - target: {fileID: 1927763180350130637, guid: dd8661121fc51d44093800d691558d2e, type: 3}
      propertyPath: m_AnchorMin.x
      value: 0
      objectReference: {fileID: 0}
    - target: {fileID: 1927763180350130637, guid: dd8661121fc51d44093800d691558d2e, type: 3}
      propertyPath: m_AnchorMin.y
      value: 0
      objectReference: {fileID: 0}
    - target: {fileID: 1927763180350130637, guid: dd8661121fc51d44093800d691558d2e, type: 3}
      propertyPath: m_SizeDelta.x
      value: 300
      objectReference: {fileID: 0}
    - target: {fileID: 1927763180350130637, guid: dd8661121fc51d44093800d691558d2e, type: 3}
      propertyPath: m_SizeDelta.y
      value: 60
      objectReference: {fileID: 0}
    - target: {fileID: 1927763180350130637, guid: dd8661121fc51d44093800d691558d2e, type: 3}
      propertyPath: m_LocalPosition.x
      value: 0
      objectReference: {fileID: 0}
    - target: {fileID: 1927763180350130637, guid: dd8661121fc51d44093800d691558d2e, type: 3}
      propertyPath: m_LocalPosition.y
      value: 0
      objectReference: {fileID: 0}
    - target: {fileID: 1927763180350130637, guid: dd8661121fc51d44093800d691558d2e, type: 3}
      propertyPath: m_LocalPosition.z
      value: 0
      objectReference: {fileID: 0}
    - target: {fileID: 1927763180350130637, guid: dd8661121fc51d44093800d691558d2e, type: 3}
      propertyPath: m_LocalRotation.w
      value: 1
      objectReference: {fileID: 0}
    - target: {fileID: 1927763180350130637, guid: dd8661121fc51d44093800d691558d2e, type: 3}
      propertyPath: m_LocalRotation.x
      value: 0
      objectReference: {fileID: 0}
    - target: {fileID: 1927763180350130637, guid: dd8661121fc51d44093800d691558d2e, type: 3}
      propertyPath: m_LocalRotation.y
      value: 0
      objectReference: {fileID: 0}
    - target: {fileID: 1927763180350130637, guid: dd8661121fc51d44093800d691558d2e, type: 3}
      propertyPath: m_LocalRotation.z
      value: 0
      objectReference: {fileID: 0}
    - target: {fileID: 1927763180350130637, guid: dd8661121fc51d44093800d691558d2e, type: 3}
      propertyPath: m_AnchoredPosition.x
      value: 0
      objectReference: {fileID: 0}
    - target: {fileID: 1927763180350130637, guid: dd8661121fc51d44093800d691558d2e, type: 3}
      propertyPath: m_AnchoredPosition.y
      value: 0
      objectReference: {fileID: 0}
    - target: {fileID: 1927763180350130637, guid: dd8661121fc51d44093800d691558d2e, type: 3}
      propertyPath: m_LocalEulerAnglesHint.x
      value: 0
      objectReference: {fileID: 0}
    - target: {fileID: 1927763180350130637, guid: dd8661121fc51d44093800d691558d2e, type: 3}
      propertyPath: m_LocalEulerAnglesHint.y
      value: 0
      objectReference: {fileID: 0}
    - target: {fileID: 1927763180350130637, guid: dd8661121fc51d44093800d691558d2e, type: 3}
      propertyPath: m_LocalEulerAnglesHint.z
      value: 0
      objectReference: {fileID: 0}
    - target: {fileID: 1927763182041302500, guid: dd8661121fc51d44093800d691558d2e, type: 3}
      propertyPath: m_text
      value: Exit
      objectReference: {fileID: 0}
    m_RemovedComponents: []
  m_SourcePrefab: {fileID: 100100000, guid: dd8661121fc51d44093800d691558d2e, type: 3}
--- !u!224 &663173689544763335 stripped
RectTransform:
  m_CorrespondingSourceObject: {fileID: 1927763180350130637, guid: dd8661121fc51d44093800d691558d2e, type: 3}
  m_PrefabInstance: {fileID: 1438014505571036682}
  m_PrefabAsset: {fileID: 0}
--- !u!114 &663173689544763352 stripped
MonoBehaviour:
  m_CorrespondingSourceObject: {fileID: 1927763180350130642, guid: dd8661121fc51d44093800d691558d2e, type: 3}
  m_PrefabInstance: {fileID: 1438014505571036682}
  m_PrefabAsset: {fileID: 0}
  m_GameObject: {fileID: 0}
  m_Enabled: 1
  m_EditorHideFlags: 0
  m_Script: {fileID: 11500000, guid: 4e29b1a8efbd4b44bb3f3716e73f07ff, type: 3}
  m_Name: 
  m_EditorClassIdentifier: 
