%YAML 1.1
%TAG !u! tag:unity3d.com,2011:
--- !u!1 &4410084703299089229
GameObject:
  m_ObjectHideFlags: 0
  m_CorrespondingSourceObject: {fileID: 0}
  m_PrefabInstance: {fileID: 0}
  m_PrefabAsset: {fileID: 0}
  serializedVersion: 6
  m_Component:
  - component: {fileID: 4410084703299089200}
  - component: {fileID: 6091679354662920055}
  - component: {fileID: 5313924800393993890}
  - component: {fileID: 8389802997229858701}
  - component: {fileID: 4410084703299089202}
  - component: {fileID: 4410084703299089203}
  m_Layer: 9
  m_Name: Projectile_Grenade
  m_TagString: Untagged
  m_Icon: {fileID: 0}
  m_NavMeshLayer: 0
  m_StaticEditorFlags: 0
  m_IsActive: 1
--- !u!4 &4410084703299089200
Transform:
  m_ObjectHideFlags: 0
  m_CorrespondingSourceObject: {fileID: 0}
  m_PrefabInstance: {fileID: 0}
  m_PrefabAsset: {fileID: 0}
  m_GameObject: {fileID: 4410084703299089229}
  m_LocalRotation: {x: 0, y: 0, z: 0, w: 1}
  m_LocalPosition: {x: 0, y: 0, z: 0}
  m_LocalScale: {x: 1, y: 1, z: 1}
  m_Children:
  - {fileID: 364088131713834955}
  - {fileID: 2773648120490208569}
  m_Father: {fileID: 0}
  m_RootOrder: 0
  m_LocalEulerAnglesHint: {x: 0, y: 0, z: 0}
--- !u!114 &6091679354662920055
MonoBehaviour:
  m_ObjectHideFlags: 0
  m_CorrespondingSourceObject: {fileID: 0}
  m_PrefabInstance: {fileID: 0}
  m_PrefabAsset: {fileID: 0}
  m_GameObject: {fileID: 4410084703299089229}
  m_Enabled: 1
  m_EditorHideFlags: 0
  m_Script: {fileID: 11500000, guid: 229e585a52b74cc480f6c6305ee8cfa8, type: 3}
  m_Name: 
  m_EditorClassIdentifier: 
  visualEffect: {fileID: 5313924800393993890}
  rigidbody: {fileID: 4410084703299089202}
--- !u!114 &5313924800393993890
MonoBehaviour:
  m_ObjectHideFlags: 0
  m_CorrespondingSourceObject: {fileID: 0}
  m_PrefabInstance: {fileID: 0}
  m_PrefabAsset: {fileID: 0}
  m_GameObject: {fileID: 4410084703299089229}
  m_Enabled: 1
  m_EditorHideFlags: 0
  m_Script: {fileID: 11500000, guid: 17151b06c64b47ce8ca67b87bccdc9cb, type: 3}
  m_Name: 
  m_EditorClassIdentifier: 
  animator: {fileID: 0}
  particleSystem: {fileID: 2773648120490208570}
  spriteRenderers:
  - {fileID: 2182646083520550801}
--- !u!114 &8389802997229858701
MonoBehaviour:
  m_ObjectHideFlags: 0
  m_CorrespondingSourceObject: {fileID: 0}
  m_PrefabInstance: {fileID: 0}
  m_PrefabAsset: {fileID: 0}
  m_GameObject: {fileID: 4410084703299089229}
  m_Enabled: 1
  m_EditorHideFlags: 0
  m_Script: {fileID: 11500000, guid: 9a6610d2e704f1648819acc8d7460285, type: 3}
  m_Name: 
  m_EditorClassIdentifier: 
  CollisionTag: 
  EventReference:
    Guid:
      Data1: 1949954112
      Data2: 1293284649
      Data3: -1617084233
      Data4: 253780784
    Path: event:/Weapon/Weapon_Grenade_Launcher_Launch
  Event: 
  PlayEvent: 11
  StopEvent: 0
  AllowFadeout: 1
  TriggerOnce: 0
  Preload: 0
  Params: []
  OverrideAttenuation: 0
  OverrideMinDistance: 9
  OverrideMaxDistance: 40
--- !u!50 &4410084703299089202
Rigidbody2D:
  serializedVersion: 4
  m_ObjectHideFlags: 0
  m_CorrespondingSourceObject: {fileID: 0}
  m_PrefabInstance: {fileID: 0}
  m_PrefabAsset: {fileID: 0}
  m_GameObject: {fileID: 4410084703299089229}
  m_BodyType: 0
  m_Simulated: 1
  m_UseFullKinematicContacts: 0
  m_UseAutoMass: 0
  m_Mass: 1
  m_LinearDrag: 0
  m_AngularDrag: 4
  m_GravityScale: 4
  m_Material: {fileID: 6200000, guid: 7cc3adcb89400b14ca1bddf8ef78c6ea, type: 2}
  m_Interpolate: 0
  m_SleepingMode: 1
  m_CollisionDetection: 1
  m_Constraints: 0
--- !u!58 &4410084703299089203
CircleCollider2D:
  m_ObjectHideFlags: 0
  m_CorrespondingSourceObject: {fileID: 0}
  m_PrefabInstance: {fileID: 0}
  m_PrefabAsset: {fileID: 0}
  m_GameObject: {fileID: 4410084703299089229}
  m_Enabled: 1
  m_Density: 1
  m_Material: {fileID: 0}
  m_IsTrigger: 0
  m_UsedByEffector: 0
  m_UsedByComposite: 0
  m_Offset: {x: 0, y: 0}
  serializedVersion: 2
  m_Radius: 0.5
--- !u!1 &7277521622711393480
GameObject:
  m_ObjectHideFlags: 0
  m_CorrespondingSourceObject: {fileID: 0}
  m_PrefabInstance: {fileID: 0}
  m_PrefabAsset: {fileID: 0}
  serializedVersion: 6
  m_Component:
  - component: {fileID: 364088131713834955}
  - component: {fileID: 2182646083520550801}
  m_Layer: 0
  m_Name: Circle
  m_TagString: Untagged
  m_Icon: {fileID: 0}
  m_NavMeshLayer: 0
  m_StaticEditorFlags: 0
  m_IsActive: 1
--- !u!4 &364088131713834955
Transform:
  m_ObjectHideFlags: 0
  m_CorrespondingSourceObject: {fileID: 0}
  m_PrefabInstance: {fileID: 0}
  m_PrefabAsset: {fileID: 0}
  m_GameObject: {fileID: 7277521622711393480}
  m_LocalRotation: {x: 0, y: 0, z: 0, w: 1}
  m_LocalPosition: {x: 0, y: 0, z: 0}
  m_LocalScale: {x: 1, y: 1, z: 1}
  m_Children: []
  m_Father: {fileID: 4410084703299089200}
  m_RootOrder: 0
  m_LocalEulerAnglesHint: {x: 0, y: 0, z: 0}
--- !u!212 &2182646083520550801
SpriteRenderer:
  m_ObjectHideFlags: 0
  m_CorrespondingSourceObject: {fileID: 0}
  m_PrefabInstance: {fileID: 0}
  m_PrefabAsset: {fileID: 0}
  m_GameObject: {fileID: 7277521622711393480}
  m_Enabled: 1
  m_CastShadows: 0
  m_ReceiveShadows: 0
  m_DynamicOccludee: 1
  m_StaticShadowCaster: 0
  m_MotionVectors: 1
  m_LightProbeUsage: 1
  m_ReflectionProbeUsage: 1
  m_RayTracingMode: 0
  m_RayTraceProcedural: 0
  m_RenderingLayerMask: 1
  m_RendererPriority: 0
  m_Materials:
  - {fileID: 2100000, guid: a97c105638bdf8b4a8650670310a4cd3, type: 2}
  m_StaticBatchInfo:
    firstSubMesh: 0
    subMeshCount: 0
  m_StaticBatchRoot: {fileID: 0}
  m_ProbeAnchor: {fileID: 0}
  m_LightProbeVolumeOverride: {fileID: 0}
  m_ScaleInLightmap: 1
  m_ReceiveGI: 1
  m_PreserveUVs: 0
  m_IgnoreNormalsForChartDetection: 0
  m_ImportantGI: 0
  m_StitchLightmapSeams: 1
  m_SelectedEditorRenderState: 0
  m_MinimumChartSize: 4
  m_AutoUVMaxDistance: 0.5
  m_AutoUVMaxAngle: 89
  m_LightmapParameters: {fileID: 0}
  m_SortingLayerID: 0
  m_SortingLayer: 0
  m_SortingOrder: 0
  m_Sprite: {fileID: -2413806693520163455, guid: a86470a33a6bf42c4b3595704624658b, type: 3}
  m_Color: {r: 0, g: 0, b: 0, a: 1}
  m_FlipX: 0
  m_FlipY: 0
  m_DrawMode: 0
  m_Size: {x: 1, y: 1}
  m_AdaptiveModeThreshold: 0.5
  m_SpriteTileMode: 0
  m_WasSpriteAssigned: 1
  m_MaskInteraction: 0
  m_SpriteSortPoint: 0
--- !u!1001 &1445896487669085599
PrefabInstance:
  m_ObjectHideFlags: 0
  serializedVersion: 2
  m_Modification:
    m_TransformParent: {fileID: 4410084703299089200}
    m_Modifications:
    - target: {fileID: 3633597259538958802, guid: e2f6a278a95b81f4c8853ed9734cdd38, type: 3}
      propertyPath: lengthInSec
      value: 1
      objectReference: {fileID: 0}
    - target: {fileID: 3633597259817392291, guid: e2f6a278a95b81f4c8853ed9734cdd38, type: 3}
      propertyPath: m_Name
      value: VFX_Particle_Smoke_Trail
      objectReference: {fileID: 0}
    - target: {fileID: 3633597259817392293, guid: e2f6a278a95b81f4c8853ed9734cdd38, type: 3}
      propertyPath: lengthInSec
      value: 1
      objectReference: {fileID: 0}
    - target: {fileID: 3633597259817392294, guid: e2f6a278a95b81f4c8853ed9734cdd38, type: 3}
      propertyPath: m_RootOrder
      value: 1
      objectReference: {fileID: 0}
    - target: {fileID: 3633597259817392294, guid: e2f6a278a95b81f4c8853ed9734cdd38, type: 3}
      propertyPath: m_LocalPosition.x
      value: 0
      objectReference: {fileID: 0}
    - target: {fileID: 3633597259817392294, guid: e2f6a278a95b81f4c8853ed9734cdd38, type: 3}
      propertyPath: m_LocalPosition.y
      value: 0
      objectReference: {fileID: 0}
    - target: {fileID: 3633597259817392294, guid: e2f6a278a95b81f4c8853ed9734cdd38, type: 3}
      propertyPath: m_LocalPosition.z
      value: 0
      objectReference: {fileID: 0}
    - target: {fileID: 3633597259817392294, guid: e2f6a278a95b81f4c8853ed9734cdd38, type: 3}
      propertyPath: m_LocalRotation.w
      value: 1
      objectReference: {fileID: 0}
    - target: {fileID: 3633597259817392294, guid: e2f6a278a95b81f4c8853ed9734cdd38, type: 3}
      propertyPath: m_LocalRotation.x
      value: -0
      objectReference: {fileID: 0}
    - target: {fileID: 3633597259817392294, guid: e2f6a278a95b81f4c8853ed9734cdd38, type: 3}
      propertyPath: m_LocalRotation.y
      value: -0
      objectReference: {fileID: 0}
    - target: {fileID: 3633597259817392294, guid: e2f6a278a95b81f4c8853ed9734cdd38, type: 3}
      propertyPath: m_LocalRotation.z
      value: -0
      objectReference: {fileID: 0}
    - target: {fileID: 3633597259817392294, guid: e2f6a278a95b81f4c8853ed9734cdd38, type: 3}
      propertyPath: m_LocalEulerAnglesHint.x
      value: 0
      objectReference: {fileID: 0}
    - target: {fileID: 3633597259817392294, guid: e2f6a278a95b81f4c8853ed9734cdd38, type: 3}
      propertyPath: m_LocalEulerAnglesHint.y
      value: 0
      objectReference: {fileID: 0}
    - target: {fileID: 3633597259817392294, guid: e2f6a278a95b81f4c8853ed9734cdd38, type: 3}
      propertyPath: m_LocalEulerAnglesHint.z
      value: 0
      objectReference: {fileID: 0}
    m_RemovedComponents: []
  m_SourcePrefab: {fileID: 100100000, guid: e2f6a278a95b81f4c8853ed9734cdd38, type: 3}
--- !u!4 &2773648120490208569 stripped
Transform:
  m_CorrespondingSourceObject: {fileID: 3633597259817392294, guid: e2f6a278a95b81f4c8853ed9734cdd38, type: 3}
  m_PrefabInstance: {fileID: 1445896487669085599}
  m_PrefabAsset: {fileID: 0}
--- !u!198 &2773648120490208570 stripped
ParticleSystem:
  m_CorrespondingSourceObject: {fileID: 3633597259817392293, guid: e2f6a278a95b81f4c8853ed9734cdd38, type: 3}
  m_PrefabInstance: {fileID: 1445896487669085599}
  m_PrefabAsset: {fileID: 0}
